@book{Lee2013,
  author       = {Lee, John M.},
  title        = {Introduction to Smooth Manifolds},
  series       = {Graduate Texts in Mathematics},
  volume       = {218},
  edition      = {2},
  publisher    = {Springer},
  address      = {NewÂ York},
  year         = {2013},
  isbn         = {978-1-4419-9982-5},
  doi          = {10.1007/978-1-4419-9982-5}
}


@book{LeeTopMan2011,
  author       = {Lee, John M.},
  title        = {Introduction to Topological Manifolds},
  series       = {Graduate Texts in Mathematics},
  volume       = {202},
  edition      = {2},
  publisher    = {Springer},
  address      = {New York},
  year         = {2011},
  isbn         = {978-1-4419-7939-1},
  doi          = {10.1007/978-1-4419-7940-7}
}


@book{HatcherAT2002,
  author       = {Hatcher, Allen},
  title        = {Algebraic Topology},
  publisher    = {Cambridge University Press},
  address      = {Cambridge},
  year         = {2002},
  isbn         = {978-0-521-79540-1}
}


@book{BottTuAT1982,
  author       = {Bott, Raoul and Tu, Loring W.},
  title        = {Differential Forms in Algebraic Topology},
  series       = {Graduate Texts in Mathematics},
  volume       = {82},
  edition      = {1},
  publisher    = {Springer-Verlag},
  address      = {New York},
  year         = {1982},
  isbn         = {978-0-387-90613-3},
  doi          = {10.1007/978-1-4757-3951-0}
}


@book{MilnorMorse1963,
  author    = {Milnor, John},
  title     = {Morse Theory},
  series    = {Annals of Mathematics Studies},
  volume    = {51},
  publisher = {Princeton University Press},
  address   = {Princeton, NJ},
  year      = {1963},
  note      = {Based on lecture notes by M. Spivak and R. Wells}
}


@book{Hirsch1976,
  author    = {Hirsch, Morris W.},
  title     = {Differential Topology},
  series    = {Graduate Texts in Mathematics},
  volume    = {33},
  publisher = {Springer},
  address   = {New York},
  year      = {1976}
}


@book{MilnorHCobordism1965,
  author    = {Milnor, John},
  title     = {Lectures on the h-Cobordism Theorem},
  series    = {Princeton Mathematical Notes},
  volume    = {1},
  publisher = {Princeton University Press},
  address   = {Princeton, NJ},
  year      = {1965},
  note      = {Notes by L.~Siebenmann and J.~Sondow}
}



@online{PutmanHomotopySpheresLowDim,
  author  = {Putman, Andrew},
  title   = {Homotopy groups of spheres and low-dimensional topology},
  note    = {Lecture notes, 23 pp.},
  organization = {Rice University},
  url     = {https://academicweb.nd.edu/~andyp/notes/HomotopySpheresLowDimTop.pdf},
  urldate = {2025-08-15}
}


@book{BredonTG1993,
  author    = {Bredon, Glen E.},
  title     = {Topology and Geometry},
  series    = {Graduate Texts in Mathematics},
  volume    = {139},
  publisher = {Springer},
  address   = {New York},
  year      = {1993},
  isbn      = {978-0-387-97926-3}
}


@online{FriedlTopology,
  author        = {Friedl, Stefan},
  title         = {Topology},
  subtitle      = {Lecture notes},
  organization  = {University of Regensburg},
  date          = {2016/2025},
  url           = {https://friedl.app.uni-regensburg.de/topologynotes.html},
  urldate       = {2025-08-16},
  note          = {Continuously updated lecture notes}
}
